@book{kruschke2015doing,
  title     = {Doing Bayesian Data Analysis},
  author    = {Kruschke, John K.},
  year      = {2015},
  publisher = {Academic Press},
  address   = {Boston}
}

@article{maxwell1984,
  title={Sample Size Planning for Statistical Power and Accuracy in Parameter Estimation},
  author={Maxwell, Scott E. and Kelley, Ken and Rausch, Joseph R.},
  journal={Annual Review of Psychology},
  volume={59},
  year={2008},
  publisher={Annual Reviews}
}